@book{sutton2018reinforcement,
    title={Reinforcement learning: An introduction},
    author={Sutton, Richard S and Barto, Andrew G},
    year={2018},
    publisher={MIT press}
}
@article{schulman2017proximal,
  title={Proximal policy optimization algorithms},
  author={Schulman, John and Wolski, Filip and Dhariwal, Prafulla and Radford, Alec and Klimov, Oleg},
  journal={arXiv preprint arXiv:1707.06347},
  year={2017}
}

@article{ahamed2021application,
  title={Application of machine learning techniques to predict rupture propagation and arrest in 2-D dynamic earthquake simulations},
  author={Ahamed, Sabber and Daub, Eric G},
  journal={Geophysical Journal International},
  volume={224},
  number={3},
  pages={1918--1929},
  year={2021},
  publisher={Oxford University Press}
}

@misc{fdfaultEricGithub,
  author = {Daub, Eric G},
  title = {Finite Difference Code for Earthquake Faulting},
  year = {2017},
  publisher = {GitHub},
  journal = {GitHub repository},
  howpublished = {\url{https://github.com/egdaub/fdfault/commit/b74a11b71a790e4457818827a94b4b8d3aee7662}}
}

@article{ahamed2019estimating,
  title={Estimating uncertainty of earthquake rupture using Bayesian neural network},
  author={Ahamed, Sabber},
  journal={arXiv preprint arXiv:1911.09660v2},
  year={2019}
}

@article{uddin2023finite,
  title={Finite Difference Analysis of Stress Distribution Around an Elliptical Hole in a Plate Subjected to Axial Loading},
  author={Uddin, Md Mesbah},
  journal={International Journal of Modern Developments in Engineering and Science},
  volume={2},
  number={4},
  pages={1--4},
  year={2023}
}

@phdthesis{uddin2020studying,
  title={Studying the Scratching Behavior of Nb/Nbc Nanolaminate Using Molecular Dynamics Atomistic Simulations},
  author={Uddin, Md Mesbah},
  year={2020},
  school={Northern Illinois University}
}

@article{uddinstudy,
  title={Study the effect of different ellipse sizes on the stress distribution around an elliptical hole in a plate subjected to axial loading using Finite difference analysis.},
  author={Uddin, Md Mesbah}
}

@article{mesbah2023study,
  title={Study the effect of scratching depth and ceramic-metal ratio on the scratch behavior of NbC/Nb Ceramic/Metal nano-laminates using molecular dynamics simulation and machine learning},
  author={Mesbah Uddin, Md},
  journal={arXiv e-prints},
  pages={arXiv--2305},
  year={2023}
}

@article{douilly20153d,
  title={{3D} dynamic rupture simulations across interacting faults: The {Mw} 7.0, 2010, {Haiti} earthquake},
  author={Douilly, R and Aochi, H and Calais, E and Freed, AM},
  journal={Journal of Geophysical Research: Solid Earth},
  year={2015},
  publisher={Wiley Online Library}
}

@article{ripperger2008variability,
  title={Variability of near-field ground motion from dynamic earthquake rupture simulations},
  author={Ripperger, J and Mai, PM and Ampuero, J-P},
  journal={Bulletin of the seismological society of America},
  volume={98},
  number={3},
  pages={1207--1228},
  year={2008},
  publisher={Seismological Society of America}
}

@article{peyrat2001dynamic,
  title={Dynamic modeling of the 1992 {Landers} earthquake},
  author={Peyrat, Sophie and Olsen, Kim and Madariaga, Ra{\'u}l},
  journal={Journal of Geophysical Research: Solid Earth (1978--2012)},
  volume={106},
  number={B11},
  pages={26467--26482},
  year={2001},
  publisher={Wiley Online Library}
}

@article{ke2017lightgbm,
  title={Lightgbm: A highly efficient gradient boosting decision tree},
  author={Ke, Guolin and Meng, Qi and Finley, Thomas and Wang, Taifeng and Chen, Wei and Ma, Weidong and Ye, Qiwei and Liu, Tie-Yan},
  journal={Advances in neural information processing systems},
  volume={30},
  year={2017}
}

@article{stable-baselines3,
  author  = {Antonin Raffin and Ashley Hill and Adam Gleave and Anssi Kanervisto and Maximilian Ernestus and Noah Dormann},
  title   = {Stable-Baselines3: Reliable Reinforcement Learning Implementations},
  journal = {Journal of Machine Learning Research},
  year    = {2021},
  volume  = {22},
  number  = {268},
  pages   = {1-8},
  url     = {http://jmlr.org/papers/v22/20-1364.html}
}

@inproceedings{abbeel2004apprenticeship,
  title={Apprenticeship learning via inverse reinforcement learning},
  author={Abbeel, Pieter and Ng, Andrew Y},
  booktitle={Proceedings of the twenty-first international conference on Machine learning},
  pages={1},
  year={2004}
}

@article{brunskill2013sample,
  title={Sample complexity of multi-task reinforcement learning},
  author={Brunskill, Emma and Li, Lihong},
  journal={arXiv preprint arXiv:1309.6821},
  year={2013}
}

@inproceedings{ng2000algorithms,
  title={Algorithms for inverse reinforcement learning.},
  author={Ng, Andrew Y and Russell, Stuart and others},
  booktitle={Icml},
  volume={1},
  pages={2},
  year={2000}
}

@article{mnih2015human,
  title={Human-level control through deep reinforcement learning},
  author={Mnih, Volodymyr and Kavukcuoglu, Koray and Silver, David and Rusu, Andrei A and Veness, Joel and Bellemare, Marc G and Graves, Alex and Riedmiller, Martin and Fidjeland, Andreas K and Ostrovski, Georg and others},
  journal={nature},
  volume={518},
  number={7540},
  pages={529--533},
  year={2015},
  publisher={Nature Publishing Group}
}

@book{lapan2018deep,
  title={Deep Reinforcement Learning Hands-On: Apply modern RL methods, with deep Q-networks, value iteration, policy gradients, TRPO, AlphaGo Zero and more},
  author={Lapan, Maxim},
  year={2018},
  publisher={Packt Publishing Ltd}
}

@misc{karpathy2016deep,
    author = {Karpathy, Andrej},
    title = {Deep Reinforcement Learning: Pong from Pixels},
    year = {2016},
    note = {Available at: \url{http://karpathy.github.io/2016/05/31/rl/}},
    url = {http://karpathy.github.io/2016/05/31/rl/}
}

@article{graves2011cybershake,
  title={CyberShake: A physics-based seismic hazard model for southern California},
  author={Graves, Robert and Jordan, Thomas H and Callaghan, Scott and Deelman, Ewa and Field, Edward and Juve, Gideon and Kesselman, Carl and Maechling, Philip and Mehta, Gaurang and Milner, Kevin and others},
  journal={Pure and Applied Geophysics},
  volume={168},
  pages={367--381},
  year={2011},
  publisher={Springer}
}

@article{shaw2018physics,
  title={A physics-based earthquake simulator replicates seismic hazard statistics across California},
  author={Shaw, Bruce E and Milner, Kevin R and Field, Edward H and Richards-Dinger, Keith and Gilchrist, Jacquelyn J and Dieterich, James H and Jordan, Thomas H},
  journal={Science advances},
  volume={4},
  number={8},
  pages={eaau0688},
  year={2018},
  publisher={American Association for the Advancement of Science}
}

@article{harris2018suite,
  title={A suite of exercises for verifying dynamic earthquake rupture codes},
  author={Harris, Ruth A and Barall, Michael and Aagaard, Brad and Ma, Shuo and Roten, Daniel and Olsen, Kim and Duan, Benchun and Liu, Dunyu and Luo, Bin and Bai, Kangchen and others},
  journal={Seismological Research Letters},
  volume={89},
  number={3},
  pages={1146--1162},
  year={2018},
  publisher={Seismological Society of America}
}

@article{shaw2010atomic,
  title={Atomic-level characterization of the structural dynamics of proteins},
  author={Shaw, David E and Maragakis, Paul and Lindorff-Larsen, Kresten and Piana, Stefano and Dror, Ron O and Eastwood, Michael P and Bank, Joseph A and Jumper, John M and Salmon, John K and Shan, Yibing and others},
  journal={Science},
  volume={330},
  number={6002},
  pages={341--346},
  year={2010},
  publisher={American Association for the Advancement of Science}
}

@book{washington2005introduction,
  title={Introduction to three-dimensional climate modeling},
  author={Washington, Warren M and Parkinson, Claire},
  year={2005},
  publisher={University science books}
}